<?xml version="1.0" encoding="UTF-8"?><record xmlns="http://www.loc.gov/MARC21/slim" xmlns:cinclude="http://apache.org/cocoon/include/1.0" xmlns:zs="http://www.loc.gov/zing/srw/">
  <leader>00410cz  a2200133n  4500</leader>
  <controlfield tag="001">n  87856844 </controlfield>
  <controlfield tag="003">DLC</controlfield>
  <controlfield tag="005">19890321073107.5</controlfield>
  <controlfield tag="008">890221n| acannaab|          |a aaa ||| c</controlfield>
  <datafield tag="010" ind1=" " ind2=" ">
    <subfield code="a">n  87856844 </subfield>
  </datafield>
  <datafield tag="040" ind1=" " ind2=" ">
    <subfield code="a">CSt</subfield>
    <subfield code="c">DLC</subfield>
  </datafield>
  <datafield tag="100" ind1="1" ind2="0">
    <subfield code="a">Krausova, I.</subfield>
    <subfield code="q">(Irina)</subfield>
  </datafield>
  <datafield tag="400" ind1="1" ind2="0">
    <subfield code="a">Krausova, Irina Vladimirovna</subfield>
  </datafield>
  <datafield tag="670" ind1=" " ind2=" ">
    <subfield code="a">Starodub, K. Ot Kremliď¸ aď¸Ą do Sadovykh, 1984:</subfield>
    <subfield code="b">t.p. (I. Krausova) colophon (Irina Vladimirovna Krausova)</subfield>
  </datafield>
</record>